<collection xmlns="http://www.loc.gov/MARC21/slim"><record><leader>00745nam  2200241   450</leader><controlfield tag="001">602</controlfield><controlfield tag="003">http://montalegre.opacnet.com/OPAC/default.aspx?ContentAreaControl=ShowRegHoldings.ascx&amp;RegNo=16662</controlfield><datafield tag="021" ind1=" " ind2=" "><subfield code="a">PT</subfield><subfield code="b">23982/88</subfield></datafield><datafield tag="100" ind1=" " ind2=" "><subfield code="a">20061013d19889999c  y0pory0103    ba20030128d1988d a d0pora0103 da</subfield></datafield><datafield tag="101" ind1="0" ind2=" "><subfield code="a">por</subfield></datafield><datafield tag="102" ind1=" " ind2=" "><subfield code="a">PT</subfield></datafield><datafield tag="105" ind1=" " ind2=" "><subfield code="a">a z 001gy</subfield></datafield><datafield tag="106" ind1=" " ind2=" "><subfield code="a">r</subfield></datafield><datafield tag="200" ind1="1" ind2=" "><subfield code="a">Mistérios</subfield><subfield code="f">Matilde Rosa Araújo</subfield><subfield code="g">il. Alice Jorge</subfield></datafield><datafield tag="210" ind1=" " ind2=" "><subfield code="a">Lisboa</subfield><subfield code="c">Horizonte</subfield><subfield code="d">cop. 1988</subfield></datafield><datafield tag="215" ind1=" " ind2=" "><subfield code="a">39 p.</subfield><subfield code="c">il.</subfield><subfield code="d">30 cm</subfield></datafield><datafield tag="606" ind1="2" ind2=" "><subfield code="a">Literatura infantil</subfield></datafield><datafield tag="608" ind1=" " ind2=" "><subfield code="a">Poesia</subfield></datafield><datafield tag="675" ind1=" " ind2=" "><subfield code="a">82-1</subfield></datafield><datafield tag="700" ind1=" " ind2="1"><subfield code="a">Araújo</subfield><subfield code="b">Matilde Rosa</subfield><subfield code="f">1921-</subfield></datafield><datafield tag="701" ind1=" " ind2="1"><subfield code="a">Jorge</subfield><subfield code="b">Alice</subfield><subfield code="f">1924-</subfield><subfield code="4">440</subfield></datafield><datafield tag="801" ind1=" " ind2="0"><subfield code="a">PT</subfield><subfield code="b">Biblioteca Municipal de Montalegre</subfield><subfield code="g">RPC</subfield></datafield><datafield tag="856" ind1=" " ind2=" "><subfield code="u">locateMedia.asp?cod=20060522150332&amp;ext=jpg</subfield><subfield code="z">CAPA</subfield></datafield><datafield tag="909" ind1="&#9;" ind2=" "><subfield code="a">1</subfield></datafield><datafield tag="966" ind1=" " ind2=" "><subfield code="a">0001316</subfield><subfield code="l">BMM</subfield><subfield code="s">SI 82-1 ARA mis</subfield></datafield></record></collection>